<?xml version="1.0" encoding="UTF-8"?><collection><record><leader>08826ntm a2200625 a 4500</leader><controlfield tag="001">006491360</controlfield><controlfield tag="003">MiAaHDL</controlfield><controlfield tag="005">20190719000000.0</controlfield><controlfield tag="006">m        d        </controlfield><controlfield tag="007">cr bn ---auaua</controlfield><controlfield tag="008">090424s1511    xx            00| ||ara d</controlfield><datafield tag="035" ind1=" " ind2=" "><subfield code="a">(MiU)006491360</subfield></datafield><datafield tag="035" ind1=" " ind2=" "><subfield code="a">sdr-miu006491360</subfield></datafield><datafield tag="040" ind1=" " ind2=" "><subfield code="a">MiU</subfield><subfield code="c">MiU</subfield><subfield code="e">amremm</subfield></datafield><datafield tag="043" ind1=" " ind2=" "><subfield code="a">n-us-mi</subfield></datafield><datafield tag="100" ind1="1" ind2=" "><subfield code="6">880-01</subfield><subfield code="a">Muḥaqqiq al-Ḥillī, Jaʻfar ibn al-Ḥasan,</subfield><subfield code="d">1205 or 1206-1277.</subfield></datafield><datafield tag="240" ind1="1" ind2="0"><subfield code="6">880-02</subfield><subfield code="a">Mukhtaṣar al-nāfiʻ</subfield></datafield><datafield tag="245" ind1="1" ind2="0"><subfield code="6">880-03</subfield><subfield code="a">Mukhtaṣar al-Sharāʼiʻ al-musammá bi-al-Nāfiʻ,</subfield><subfield code="f">[917, i.e. 1511].</subfield></datafield><datafield tag="246" ind1="3" ind2=" "><subfield code="6">880-04</subfield><subfield code="i">Title from fore-edge flap:</subfield><subfield code="a">Kitāb-i Nāfiʻ</subfield></datafield><datafield tag="260" ind1=" " ind2=" "><subfield code="c">[1511].</subfield></datafield><datafield tag="300" ind1=" " ind2=" "><subfield code="a">145 leaves :</subfield><subfield code="b">paper ;</subfield><subfield code="c">210 x 155 (150 x 95) mm.</subfield></datafield><datafield tag="500" ind1=" " ind2=" "><subfield code="a">Shelfmark: Ann Arbor, University of Michigan, Special Collections Library, Isl. Ms. 99</subfield></datafield><datafield tag="500" ind1=" " ind2=" "><subfield code="a">Origin: As appears in colophon on fol.144a (p.287), copied by Muḥammad ibn Fallāḥ ibn ʻAlī ibn Fallāḥ. Transcription finished ("faragha min taḥrīrih...") 5 Ṣafar 917 [ca. 4 May 1511].</subfield></datafield><datafield tag="500" ind1=" " ind2=" "><subfield code="a">Former shelfmark: British Museum, London "No. 140, Al-Nafi."</subfield></datafield><datafield tag="500" ind1=" " ind2=" "><subfield code="a">Binding: Pasteboards (recycled paper) originally covered with reddish brown goat skin, spine and fore-edge flap repaired with lighter brown leather, now darker with age ; Type II binding (with flap) ; upper and lower covers carry gorgeous blind-tooled almond-shaped ornament (mandorla) with band and geometric infilling set off by rosette stamps (compare Weisweiler 89-95) as well as tooled rule borders and rosette accents ; sewn in two sewing stations, dark green thread, broken at head and tail ; endbands in maroon and white, partially intact at head and tail ; in poor condition ; leather has shrunk significantly with text-block protruding ; bottom of spine partially detatched ; top endband missing, bottom partially gone ; severe abrasion on all corners ; pasteboards delaminating ; spine partially detached from back cover ; fore-edge flap is stitched to back cover at hinge (sewn mend).</subfield></datafield><datafield tag="500" ind1=" " ind2=" "><subfield code="a">Support: European laid paper with roughly 10 laid lines per cm. (vertical) and chain lines (horizontal) spaced roughly 30 mm. apart ; only lightly burnished ; thick and creamy ; watermark of scales / balance in circle with six-pointed star above (see p.6, 8, 274, 276, etc.) ; bull's head with eyes and above it a rod consisting of one line with a flower above that (compare Piccard inventory J340, no. 64743, Lechtenberg, 1492) ; loose folia at end, partially detatched pages at beginning ; water damage throughout but does not impact legibility.</subfield></datafield><datafield tag="500" ind1=" " ind2=" "><subfield code="a">Decoration: Text rubricated with chapter and section headings, overlining, etc. in red.</subfield></datafield><datafield tag="500" ind1=" " ind2=" "><subfield code="a">Script: Naskh ; two Persian or Turkish hands ; first hand virtually sans serif (though occasional right-sloping head-serifs on lām, alif, etc., perhaps inadvertantly) with generally open counters, dots rather than strokes for pointing, slight effect of tilt to the left ; p.185 on supplied in second hand, sans serif, effect of tilt to the right, free assimilation of letters such as rāʼ and final hāʼ, heavier line ; partially vocalized ; several hands for marginal and interlinear glosses.</subfield></datafield><datafield tag="500" ind1=" " ind2=" "><subfield code="a">Layout: Written in 18 lines per page ; frame-ruled.</subfield></datafield><datafield tag="500" ind1=" " ind2=" "><subfield code="a">Collation: III+1 (7), 12 IV (103), 2 III+1 (117), 3 IV (141), II (145) ; chiefly quaternions ; top three lines of fol.107a (p.213) left blank ; final leaf originally left blank ; lacks catchwords ; pagination in pencil, Western numerals, supplied during digitization.</subfield></datafield><datafield tag="500" ind1=" " ind2=" "><subfield code="a">Colophon: "Scribal," rectangular, reads: "تم الكتاب بعون الله تع و حسن توفيقه ... فرغ من تحريره افقر عباد الله تع و احوجهم الى رحمته و رضوانه محمد بن فلاح بن علي بن فلاح يوم الخامس من شهر صفر ختم بالخير و الظفر من شهورسنة سبع عشرة و تسعماية هجرية ... و الحمد لله وحده صلى الله على محمد و اله الطاهرين"</subfield></datafield><datafield tag="500" ind1=" " ind2=" "><subfield code="a">Explicit: "الثالثة لا تعقل العقلة بهيمة ولا اتلاف مال ويختص ضمانها بالجناية على الادمي حسب فهذا اخر ما اردنا ذكره وقصدنا حصره مختصرين مطوله [فراغ] ونسأل الله سبحانه ان يجعلنا ممن شكر عمله وغفر زلله وجعل الجنة منقله ومنتقله انه يجيب من سأله ولا يخسر من امله وصلى على سيدنا محمد النبي واله وسلم تسليما كثيرا"</subfield></datafield><datafield tag="500" ind1=" " ind2=" "><subfield code="a">Incipit: "الحمد الله الذي صغرت في عظمته عبادة العابدين و حصرت عن شكر نعمته السنة الحامدين و قصرت عن وصف كماله افكلر العالمين ... و صلى الله على اكرم المرسلين و سيد الاولين والاخرين محمد خاتم النبيين ... اما بعد فاني مورد لك هذا المختصر خلاصة المذهب المعتبر بالفاظ محبرة وعبارة [عبارات] محررة تظفرك بنخبه وتوصلك الى شعبه ..."</subfield></datafield><datafield tag="500" ind1=" " ind2=" "><subfield code="a">Title from 'title page' fol.1a (p.1).</subfield></datafield><datafield tag="500" ind1=" " ind2=" "><subfield code="a">Ms. codex.</subfield></datafield><datafield tag="510" ind1="4" ind2=" "><subfield code="a">Brockelmann, C. GAL,</subfield><subfield code="c">I 406 ; S I 711</subfield></datafield><datafield tag="520" ind1="8" ind2=" "><subfield code="a">Fine copy of the author's abridgment of his Sharāʼiʻ al-Islām, the authoritative manual of Shīʻah law. Description provided mainly by Sarah Mirza.</subfield></datafield><datafield tag="538" ind1=" " ind2=" "><subfield code="a">Mode of access: Internet.</subfield></datafield><datafield tag="541" ind1=" " ind2=" "><subfield code="c">Purchase ;</subfield><subfield code="a">Acquired by purchase along with Abdul Hamid Collection (funds donated by Horace Rackham).</subfield><subfield code="d">1924.</subfield></datafield><datafield tag="546" ind1=" " ind2=" "><subfield code="a">Arabic.</subfield></datafield><datafield tag="561" ind1=" " ind2=" "><subfield code="a">Bookplate of British Museum, London on inner front cover,"British Museum, London. No. 140, Al-Nafi." ; circular seal impression with figure of goat/gazelle in purple ink as well as inscription "144" in Western numerals on fol.1a (p.1) ; on paper (blue-tinted) pasted on fol.1a (p.1), a detailed waqf statement in the name of al-Sayyid ʻAbd Allāh Adīb (Abdullah Edip), known as Jannatʹzādah (Cennet-zade), qāḍī of Erzurum, accompanied by his seal, reads: "وقفت وقفا صحيحا شرعيا على ان لا يخرج من بيت الكتب الملتصق بداري الا لعلماء سكنوا بارضروم بكفيل مرعى اورهن قوي وانا الفقير اليه عز شانه السيد عبد الله اديب الشهير بجنت زاده القاضي بمدينة ارضروم في سنة اثنى وستين ومائتين والف" ; two ownership statements on fol.1a (p.1), the first reading "قد دخل في سلك ملكي بالمعاملة [؟] الصحيحة وانا الفقير الى الله الغني مصطفى بن احمد افندى في ..." and the second reading "ثم دخل بالارث في ملكي وانا الفقير زين العابدين" ; illegible round stamp in wax or ink repeated on interior of back cover ; two ownership statements follow the colophon on fol.144a (p.287) "و كان مالكه العبد الفقير المحتاج الى رحمتة الله تع الشيخ عبد الحسين ابن نصر الله الوزيري غفر الله له و لوالديه و لمن قرا و ترحم ثم تملكته من ملك اسمعيل الارهاني و هو تلميذي و انا الحقير مصطفى بن احمد افندي ابن يعقوب الوعظ والناصح تم" ; two birth notices dated 955 (1548 or 9) and 21st [?] Shawwāl 966 (ca. 27 July 1559) appear on fol.145b (p.290) ; marginal and interlinear glosses ; collation marks "بلغ" appear occasionally in top left margin.</subfield></datafield><datafield tag="650" ind1=" " ind2="0"><subfield code="a">Manuscripts, Arabic</subfield><subfield code="z">Michigan</subfield><subfield code="z">Ann Arbor.</subfield></datafield><datafield tag="650" ind1=" " ind2="0"><subfield code="a">Shīʻah</subfield><subfield code="v">Early works to 1800.</subfield></datafield><datafield tag="650" ind1=" " ind2="0"><subfield code="a">Islamic law</subfield><subfield code="v">Early works to 1800.</subfield></datafield><datafield tag="700" ind1="0" ind2=" "><subfield code="6">880-07</subfield><subfield code="a">Muṣṭafá ibn Aḥmad Afandī,</subfield><subfield code="e">former owner.</subfield></datafield><datafield tag="700" ind1="1" ind2=" "><subfield code="6">880-06</subfield><subfield code="a">Wazīrī, ʻAbd al-Ḥusayn ibn Naṣr Allāh,</subfield><subfield code="e">former owner.</subfield></datafield><datafield tag="700" ind1="1" ind2=" "><subfield code="6">880-05</subfield><subfield code="a">Muḥaqqiq al-Ḥillī, Jaʻfar ibn al-Ḥasan,</subfield><subfield code="d">1205 or 1206-1277.</subfield><subfield code="t">Sharāʼiʻ al-Islām.</subfield><subfield code="k">Abridgment.</subfield></datafield><datafield tag="773" ind1="0" ind2=" "><subfield code="a">Tiflis Collection.</subfield></datafield><datafield tag="880" ind1="0" ind2=" "><subfield code="6">700-07/</subfield><subfield code="a">مصطفى بن احمد افندي،</subfield><subfield code="e">مالك سابق.</subfield></datafield><datafield tag="880" ind1="1" ind2=" "><subfield code="6">700-06/</subfield><subfield code="a">وزيري، عبد الحسين بن نصر الله،</subfield><subfield code="e">مالك سابق.</subfield></datafield><datafield tag="880" ind1="1" ind2=" "><subfield code="6">700-05/</subfield><subfield code="a">محقق الحلي، جعفر بن الحسن،</subfield><subfield code="d">1205 or 6-1277.</subfield><subfield code="t">شرائع الاسلام</subfield><subfield code="k">مختصر.</subfield></datafield><datafield tag="880" ind1="3" ind2=" "><subfield code="6">246-04/</subfield><subfield code="a">كتاب نافع</subfield></datafield><datafield tag="880" ind1="1" ind2="0"><subfield code="6">245-03/</subfield><subfield code="a">مختصر الشرائع المسمى بالنافع,</subfield><subfield code="f">[917ه, 1511م].</subfield></datafield><datafield tag="880" ind1="1" ind2="0"><subfield code="6">240-02/</subfield><subfield code="a">مختصر النافع</subfield></datafield><datafield tag="880" ind1="1" ind2=" "><subfield code="6">100-01/</subfield><subfield code="a">محقق الحلي، جعفر بن الحسن.</subfield></datafield><datafield tag="CID" ind1=" " ind2=" "><subfield code="a">006491360</subfield></datafield><datafield tag="DAT" ind1="0" ind2=" "><subfield code="a">20190719102634.0</subfield><subfield code="b">20190719000000.0</subfield></datafield><datafield tag="DAT" ind1="1" ind2=" "><subfield code="a">20190719090653.0</subfield><subfield code="b">2019-07-19T16:11:00Z</subfield></datafield><datafield tag="DAT" ind1="2" ind2=" "><subfield code="a">2015-10-02T18:00:03Z</subfield></datafield><datafield tag="CAT" ind1=" " ind2=" "><subfield code="a">SDR-MIU</subfield><subfield code="d">EX LIBRIS - ALEPH</subfield><subfield code="l">prepare.pl-004-008</subfield></datafield><datafield tag="FMT" ind1=" " ind2=" "><subfield code="a">BK</subfield></datafield><datafield tag="HOL" ind1=" " ind2=" "><subfield code="0">sdr-miu006491360</subfield><subfield code="a">MiU</subfield><subfield code="b">SDR</subfield><subfield code="c">MIU</subfield><subfield code="p">mdp.39015079124684</subfield><subfield code="s">MIU</subfield><subfield code="1">006491360</subfield></datafield><datafield tag="974" ind1=" " ind2=" "><subfield code="b">MIU</subfield><subfield code="c">MIU</subfield><subfield code="d">20190719</subfield><subfield code="s">lit-dlps-dc</subfield><subfield code="u">mdp.39015079124684</subfield><subfield code="y">1511</subfield><subfield code="r">pd</subfield><subfield code="q">bib</subfield><subfield code="t">non-US bib date1 &lt; 1896</subfield></datafield></record></collection>